@article{borrelli2015predictive,
  title={Predictive Control for Linear and Hybrid Systems, 2015},
  author={Borrelli, F and Bemporad, A and Morari, M},
  journal={preparation, available online at http://www. mpc. berkeley. edu/mpc-course-material},
  year={2015}
}

@article{boyd2011distributed,
  title={Distributed optimization and statistical learning via the alternating direction method of multipliers},
  author={Boyd, Stephen and Parikh, Neal and Chu, Eric and Peleato, Borja and Eckstein, Jonathan},
  journal={Foundations and Trends in Machine Learning},
  volume={3},
  number={1},
  year={2011},
  publisher={Now Publishers Inc.}
}

@ARTICLE{4303247, 
author={P. Tabuada}, 
journal={IEEE Transactions on Automatic Control}, 
title={Event-Triggered Real-Time Scheduling of Stabilizing Control Tasks}, 
year={2007}, 
volume={52}, 
number={9}, 
pages={1680-1685}, 
keywords={asymptotic stability;control engineering computing;embedded systems;feedback;scheduling;task analysis;asymptotic stability;control unrelated software tasks;embedded processors;event-triggered real-time scheduling;event-triggered scheduler;feedback controller;real-time scheduler;scheduling stabilizing control tasks;Adaptive control;Communication system control;Computer networks;Embedded computing;Feedback;Microprocessors;Physics computing;Processor scheduling;Scheduling algorithm;Stability;Event-triggered;input-to-state stability;real-time scheduling}, 
doi={10.1109/TAC.2007.904277}, 
ISSN={0018-9286}, 
month={Sept},}

@INPROCEEDINGS{563693, 
author={D. Seto and J. P. Lehoczky and L. Sha and K. G. Shin}, 
booktitle={17th IEEE Real-Time Systems Symposium}, 
title={On task schedulability in real-time control systems}, 
year={1996}, 
pages={13-21}, 
keywords={computerised control;real-time systems;resource allocation;scheduling;software fault tolerance;software performance evaluation;system recovery;computational tasks;computing resources;continuous-time dynamics;control performance;controller design;digital implementation;execution times;failure recovery;real-time control systems;reconfiguration;system stability;task frequencies;task schedulability;task scheduling;Application software;Control systems;Digital control;Dynamic scheduling;Processor scheduling;Real time systems;Scheduling algorithm;Software engineering;Statistics;System performance}, 
doi={10.1109/REAL.1996.563693}, 
ISSN={1052-8725}, 
month={Dec},}

@INPROCEEDINGS{4602084, 
author={T. Tettamanti and I. Varga and B. Kulcsar and J. Bokor}, 
booktitle={2008 16th Mediterranean Conference on Control and Automation}, 
title={Model predictive control in urban traffic network management}, 
year={2008},  
keywords={predictive control;traffic control;traffic engineering computing;mathematical software;microscopic traffic simulator;model predictive control;test network control system;traffic congestion;urban traffic network management;Communication system traffic control;Computational modeling;Computer applications;Control system synthesis;Hardware;Microscopy;Predictive control;Predictive models;System testing;Traffic control}, 
doi={10.1109/MED.2008.4602084}, 
month={June},}

@INPROCEEDINGS{1429425, 
author={A. Richards and J. How}, 
booktitle={43rd IEEE Conference on Decision and Control}, 
title={Decentralized model predictive control of cooperating {UAVs}}, 
year={2004}, 
volume={4}, 
keywords={aircraft control;collision avoidance;decentralised control;integer programming;linear programming;multi-robot systems;predictive control;remotely operated vehicles;collision avoidance;cooperating UAVs;cooperating uninhabited aerial vehicles;cooperative behavior;coupling constraints;decentralized model predictive control;integer programming;nonconvex problem;path planning;robust constraint satisfaction;Collision avoidance;Constraint optimization;Linear programming;Path planning;Predictive control;Predictive models;Robust control;Robustness;Unmanned aerial vehicles;Vehicle dynamics}, 
doi={10.1109/CDC.2004.1429425}, 
ISSN={0191-2216}, 
month={Dec},}

@ARTICLE{4682711, 
author={S. Kouro and P. Cortes and R. Vargas and U. Ammann and J. Rodriguez}, 
journal={IEEE Transactions on Industrial Electronics}, 
title={Model Predictive Control--A Simple and Powerful Method to Control Power Converters}, 
year={2009}, 
volume={56}, 
number={6},  
keywords={invertors;power convertors;predictive control;switching convertors;FCS-MPC;finite control set;model predictive control;power converter control;switching state;three-phase voltage source inverter;Adjustable-speed drives;current control;model predictive control (MPC);power converters;pulsewidth modulation (PWM)}, 
doi={10.1109/TIE.2008.2008349}, 
ISSN={0278-0046}, 
month={June},}

@article{doi:10.1080/00986445.2011.592446,
author = { A.   Senthil   Kumar  and  Zainal   Ahmad },
title = {MODEL PREDICTIVE CONTROL ({MPC}) AND ITS CURRENT ISSUES IN CHEMICAL ENGINEERING},
journal = {Chemical Engineering Communications},
volume = {199},
number = {4},
year = {2012},
doi = {10.1080/00986445.2011.592446},
}


@book{Kwakernaak:1972:LOC:578807,
 author = {Kwakernaak, Huibert},
 editor = {Sivan, Raphael},
 title = {Linear Optimal Control Systems},
 year = {1972},
 isbn = {0471511102},
 publisher = {John Wiley \& Sons, Inc.},
 address = {New York, NY, USA},
} 

@ARTICLE{4267891, 
author={E. Monmasson and M. N. Cirstea}, 
journal={IEEE Transactions on Industrial Electronics}, 
title={FPGA Design Methodology for Industrial Control Systems A Review}, 
year={2007}, 
volume={54}, 
number={4}, 
pages={1824-1842}, 
keywords={control engineering computing;field programmable gate arrays;fuzzy control;hardware description languages;induction motor drives;industrial control;intelligent control;logic design;synchronous generators;torque control;CAD;FPGA design methodology;FPGA-based intelligent controllers;diesel-driven synchronous stand-alone generator;direct torque control;field-programmable gate array;fuzzy logic;induction motor drives;industrial control system;portable hardware description languages;system level programming-design tools;Control systems;Design automation;Design methodology;Electrical equipment industry;Field programmable gate arrays;Hardware design languages;Industrial control;Industrial electronics;Refining;Torque control;(Vhsic) hardware description language (VHDL);Design methodologies;field-programmable gate arrays (FPGAs);industrial control systems;programmable architectures;system-on-a-chip (SoC)}, 
doi={10.1109/TIE.2007.898281}, 
ISSN={0278-0046}, 
month={Aug},}

@ARTICLE{5739129, 
author={E. Monmasson and L. Idkhajine and M. N. Cirstea and I. Bahri and A. Tisan and M. W. Naouar}, 
journal={IEEE Transactions on Industrial Informatics}, 
title={FPGAs in Industrial Control Applications}, 
year={2011}, 
volume={7}, 
number={2}, 
pages={224-243}, 
keywords={Kalman filters;field programmable gate arrays;industrial control;neurocontrollers;nonlinear filters;sensorless machine control;FPGA technology;artificial intelligence-based industrial controller;complex control application;design tool;extended Kalman filter;field programmable gate array;neural network control system;sensorless motor controller;Digital signal processing;Field programmable gate arrays;Hardware;Industrial control;Random access memory;Real time systems;System-on-a-chip;Artificial intelligence (AI);design methodology;design tools;extended Kalman filter (EKF);field programmable gate array (FPGA);industrial control applications;neural networks (NNs);sensorless motor controller;system-on-chip (SoC)}, 
doi={10.1109/TII.2011.2123908}, 
ISSN={1551-3203}, 
month={May},}

@INPROCEEDINGS{813324, 
author={L. Samet and N. Masmoudi and M. W. Kharrat and L. Kamoun}, 
booktitle={1998 IEEE International Conference on Electronics, Circuits and Systems. Surfing the Waves of Science and Technology (Cat. No.98EX196)}, 
title={A digital PID controller for real time and multi loop control: a comparative study}, 
year={1998}, 
volume={1}, 
pages={291-296 vol.1}, 
keywords={field programmable gate arrays;parallel architectures;programmable controllers;real-time systems;three-term control;PID controller architectures;Xilinx FPGA;adders;digital PID controller;mixed architecture;multi loop control;multiloops systems;multipliers;parallel architecture;real time control;serial architecture;state machines;Algorithm design and analysis;Circuit optimization;Computer architecture;Control systems;Delay effects;Digital control;Field programmable gate arrays;Programmable control;Proportional control;Three-term control}, 
doi={10.1109/ICECS.1998.813324}, 
month={},}

@INPROCEEDINGS{562751, 
author={Jing Li and Bao-Sheng Hu}, 
booktitle={2nd International Conference on ASIC}, 
title={The architecture of fuzzy PID gain conditioner and its FPGA prototype implementation}, 
year={1996}, 
pages={61-65}, 
keywords={VLSI;field programmable gate arrays;fuzzy control;gain control;process control;three-term control;FPGA prototype implementation;FPGC;VLSI structure;fuzzy PID gain conditioner;process control;virtual control system;Application specific integrated circuits;Control systems;Field programmable gate arrays;Fuzzy control;Fuzzy sets;Fuzzy systems;Prototypes;Signal processing algorithms;Three-term control;Very large scale integration}, 
doi={10.1109/ICASIC.1996.562751}, 
month={Oct},}

@INPROCEEDINGS{1429572, 
author={Y. F. Chan and M. Moallem and W. Wang}, 
booktitle={2004 43rd IEEE Conference on Decision and Control (CDC) (IEEE Cat. No.04CH37601)}, 
title={Efficient implementation of PID control algorithm using FPGA technology}, 
year={2004}, 
volume={5}, 
pages={4885-4890 Vol.5}, 
keywords={controllers;field programmable gate arrays;table lookup;three-term control;FPGA technology;PID control algorithm;PID controllers;distributed arithmetic;field programmable gate array;look-up-table;proportional-integral-derivative controller;Arithmetic;Costs;Energy consumption;Field programmable gate arrays;Logic devices;Pi control;Programmable logic arrays;Proportional control;Table lookup;Three-term control}, 
doi={10.1109/CDC.2004.1429572}, 
ISSN={0191-2216}, 
month={Dec},}

@INPROCEEDINGS{4401454, 
author={Y. Han and R. Tzoneva and S. Behardien}, 
booktitle={AFRICON 2007}, 
title={MATLAB, LabVIEW and FPGA linear control of an inverted pendulum}, 
year={2007}, 
pages={1-7}, 
keywords={control engineering computing;field programmable gate arrays;linear quadratic control;linear systems;mathematics computing;nonlinear control systems;pendulums;pole assignment;CompactRIO;FPGA linear control;LQR linear controllers;LabVIEW;MATLAB;bytronic plant;field programmable gate array;inverted pendulum;linearized model;pole placement;real-time controller implementation;Belts;Control systems;Field programmable gate arrays;Linear feedback control systems;MATLAB;Mathematical model;Real time systems;Regulators;Servomotors;State feedback;Inverted pendulum;LQR controller;cRIO Real-Time control;pole-placement controller}, 
doi={10.1109/AFRCON.2007.4401454}, 
ISSN={2153-0025}, 
month={Sept},}

@INPROCEEDINGS{7393360, 
author={P. Zhang and A. Mills and J. Zambreno and P. H. Jones}, 
booktitle={2015 International Conference on ReConFigurable Computing and FPGAs (ReConFig)}, 
title={A software configurable and parallelized coprocessor architecture for LQR control}, 
year={2015}, 
pages={1-8}, 
keywords={coprocessors;embedded systems;linear quadratic control;parallel architectures;reconfigurable architectures;state-space methods;LQR control;embedded ARM processor;embedded system software engineering;hardware accelerator architecture;inverted pendulum;linear quadratic regulator;linear state-space model;parallelized coprocessor architecture;software configurable architecture;Algorithm design and analysis;Computer architecture;Field programmable gate arrays;Hardware;Sensors;Software;Standards;FPGA;LQR;co-processor;parallel processing;state space control}, 
doi={10.1109/ReConFig.2015.7393360}, 
month={Dec},}

@book{Boyd993483,
 author = {Boyd, Stephen and Vandenberghe, Lieven},
 title = {Convex Optimization},
 year = {2004},
 isbn = {0521833787},
 publisher = {Cambridge University Press},
 address = {New York, NY, USA},
} 


@article{jerez2014embedded,
  title={Embedded online optimization for model predictive control at megahertz rates},
  author={Jerez, Juan L and Goulart, Paul J and Richter, Stefan and Constantinides, George A and Kerrigan, Eric C and Morari, Manfred},
  journal={IEEE Transactions on Automatic Control},
  volume={59},
  number={12},
  year={2014},
  publisher={IEEE}
}

@book{maciejowski2002,
    address = {Essex, England},
    author = {Maciejowski, J. M.},
    citeulike-article-id = {1506949},
    keywords = {bibtex-import},
    posted-at = {2007-07-27 12:37:07},
    priority = {2},
    publisher = {Prentice Hall},
    title = {{Predictive control with constraints}},
    year = {2002}
}

@INPROCEEDINGS{5681439, 
author={J. L. Jerez and G. A. Constantinides and E. C. Kerrigan}, 
booktitle={Field-Programmable Technology, International Conference on}, 
title={{FPGA} implementation of an interior point solver for linear model predictive control}, 
year={2010}, 
keywords={MIMO systems;field programmable gate arrays;linear systems;predictive control;quadratic programming;FPGA;MIMO systems;automatic control;chemical process industries;floating-point field-programmable gate array;interior point solver;interior-point method;interior-point optimization methods;linear model predictive control;multiple input multiple output systems;physical constraints;physical system;quadratic programming;Field programmable gate arrays;Hardware;Linear systems;Optimization;Predictive control;Predictive models;Throughput}, 
doi={10.1109/FPT.2010.5681439}, 
month={Dec},}

@INPROCEEDINGS{6927473, 
author={J. Liu and H. Peyrl and A. Burg and G. A. Constantinides}, 
booktitle={24th International Conference on Field Programmable Logic and Applications}, 
title={{FPGA} implementation of an interior point method for high-speed model predictive control}, 
year={2014}, 
keywords={control system synthesis;embedded systems;field programmable gate arrays;predictive control;predictor-corrector methods;quadratic programming;velocity control;FPGA implementation;MPC-specific problem structure;direct linear equation solver;embedded computing platforms;embedded industrial control applications;hardware architecture;high-end CPU;high-speed model predictive control;interior point method;modular design;predictor-corrector algorithm;quadratic programs;Computer architecture;Equations;Field programmable gate arrays;Hardware;Optimization;Pipelines;Vectors}, 
doi={10.1109/FPL.2014.6927473}, 
ISSN={1946-147X}, 
month={Sept},}

@INPROCEEDINGS{7074396, 
author={M. S. K. Lau and S. P. Yue and K. V. Ling and J. M. Maciejowski}, 
booktitle={Control Conference, European}, 
title={A comparison of interior point and active set methods for {FPGA} implementation of model predictive control}, 
year={2009}, 
keywords={computational complexity;convergence;field programmable gate arrays;floating point arithmetic;predictive control;quadratic programming;stability;ASM;FPGA;IPM;MPC;QP problem;active set method;computational complexity;convergence speed;interior point method;model predictive control;numerical error;occasional instability;quadratic programming problems;single precision floating point arithmetic;Decision support systems;Europe;Field programmable gate arrays}, 
month={Aug},}

@article{GABAY197617,
title = "A dual algorithm for the solution of nonlinear variational problems via finite element approximation",
journal = "Computers \& Mathematics with Applications",
volume = "2",
number = "1",
pages = "17 - 40",
year = "1976",
note = "",
issn = "0898-1221",
doi = "http://dx.doi.org/10.1016/0898-1221(76)90003-1",
%url = "http://www.sciencedirect.com/science/article/pii/0898122176900031",
author = "Daniel Gabay and Bertrand Mercier",
}

@article{ling2008embedded,
  title={Embedded model predictive control (MPC) using a FPGA},
  author={Ling, Keck-Voon and Wu, Bing Fang and Maciejowski, JM},
  journal={IFAC Proceedings Volumes},
  volume={41},
  number={2},
  pages={15250--15255},
  year={2008},
  publisher={Elsevier}
}

@article{wills2011fpga,
  title={{FPGA} implementation of an interior-point solution for linear model predictive control},
  author={Wills, Adrian and Mills, Adam and Ninness, Brett},
  journal={IFAC Proceedings Volumes},
  volume={44},
  number={1},
  year={2011},
  publisher={Elsevier}
}

@incollection{Gabay1983299,
title = "Chapter $\{IX\}$ Applications of the Method of Multipliers to Variational Inequalities ",
editor = "Michel Fortin and Roland Glowinski",
booktitle = "Augmented Lagrangian Methods: Applications to the Numerical Solution of Boundary-Value Problems",
publisher = "Elsevier",
year = "1983",
volume = "15",
pages = "299 - 331",
series = "Studies in Mathematics and Its Applications ",
issn = "0168-2024",
doi = "http://dx.doi.org/10.1016/S0168-2024(08)70034-1",
%url = "http://www.sciencedirect.com/science/article/pii/S0168202408700341",
author = "D. Gabay"
}

@article{lin2013design,
  title={Design of optimal sparse feedback gains via the alternating direction method of multipliers},
  author={Lin, Fu and Fardad, Makan and Jovanovi{\'c}, Mihailo R},
  journal={IEEE Transactions on Automatic Control},
  volume={58},
  number={9},
  pages={2426--2431},
  year={2013},
  publisher={IEEE}
}

@article{Glowinski1975,
author = {Glowinski, R. and Marroco, A.},
journal = {ESAIM: Mathematical Modelling and Numerical Analysis - Modélisation Mathématique et Analyse Numérique},
language = {fre},
number = {R2},
pages = {41-76},
publisher = {Dunod},
title = {Sur l'approximation, par éléments finis d'ordre un, et la résolution, par pénalisation-dualité d'une classe de problèmes de Dirichlet non linéaires},
%url = {http://eudml.org/doc/193269},
volume = {9},
year = {1975},
}

@INPROCEEDINGS{6376494, 
author={G. Li and J. Gu and Q. Song and Y. Lu and B. Zhou}, 
booktitle={Intelligent Networks and Intelligent Systems, Fifth International Conference on}, 
title={The Hardware Design and Implementation of a Signal Reconstruction Algorithm Based on Compressed Sensing}, 
year={2012}, 
keywords={compressed sensing;coprocessors;field programmable gate arrays;parallel processing;pipeline processing;signal reconstruction;FPGA;compressed sensing;conjugate gradients coprocessor;field programmable gate array;interior point method;parallel coprocessor;pipeline coprocessor;signal reconstruction;Algorithm design and analysis;Equations;Field programmable gate arrays;Hardware;Mathematical model;Software;Software algorithms;CG;FPGA;compressed sensing;interior point method;reconstruction algorithm}, 
doi={10.1109/ICINIS.2012.9}, 
month={Nov},}

@ARTICLE{6422363, 
author={B. O'Donoghue and G. Stathopoulos and S. Boyd}, 
journal={IEEE Transactions on Control Systems Technology}, 
title={A Splitting Method for Optimal Control}, 
year={2013}, 
volume={21}, 
number={6}, 
keywords={convex programming;linear programming;mathematical operators;optimal control;FPGA;analytical solutions;division-free algorithm;field-programmable gate array;fixed-point arithmetic;generic linear-convex optimal control problem;operator splitting technique;optimal control;quadratic control problem;single-period optimization problems;Algorithm design and analysis;Convex functions;Fixed-point arithmetic;Matrix decomposition;Optimal control;Predictive control;Sparse matrices;Alternating directions method of multipliers (ADMM);convex optimization;embedded control;fixed point algorithms for control;model predictive control (MPC);operator splitting;optimal control}, 
doi={10.1109/TCST.2012.2231960}, 
ISSN={1063-6536}, 
month={Nov},}

@MISC{Eckstein92onthe,
    author = {Jonathan Eckstein and Dimitri P. Bertsekas},
    title = { On the Douglas-Rachford splitting method and the proximal point algorithm for maximal monotone operators},
    year = {1992}
}


@article {VyaKum13A,
	title = {An {FPGA}-based {Plant-on-Chip} Platform for Cyber-Physical System Analysis},
	journal = {IEEE Embedded Systems Letters},
	volume = {6},
	number = {1},
	year = {2014},
	abstract = {Digital control systems are traditionally designed independent of their implementation platform, assuming constant sensor sampling rates and processor response times. Applications are deployed to processors that are shared amongst control and non-control tasks, to maximize resource utilization. This potentially overlooks that computing mechanisms meant for improving average CPU usage, such as cache, interrupts, and task management through schedulers, contribute to non-deterministic interference between tasks. This response time jitter can result in reduced system stability, motivating further study by both the controls and computing communities to maximize CPU utilization, while maintaining physical system stability needs. In this paper, we describe an FPGA-based embedded software platform coupled with a hardware plant emulator (as opposed to purely software-based simulations or hardware-in-the-loop setups) that forms a basis for safe and accurate analysis of Cyber-Physical Systems. We model and analyze an inverted pendulum to demonstrate that our setup can provide a significantly more accurate representation of a real system.},
	author = {Sudhanshu Vyas and Chetan Kumar and Joseph Zambreno and Christopher Gill and Ron Cytron and Phillip Jones}
}

@inproceedings{Zhuo:2005:SMM:1046192.1046202,
 author = {Zhuo, Ling and Prasanna, Viktor K.},
 title = {Sparse Matrix-Vector Multiplication on {FPGAs}},
 booktitle = {Proceedings of the 2005 ACM/SIGDA 13th International Symposium on Field-programmable Gate Arrays},
 %series = {FPGA '05},
 year = {2005},
 isbn = {1-59593-029-9},
 location = {Monterey, California, USA},
 pages = {63--74},
 numpages = {12},
 %url = {http://doi.acm.org/10.1145/1046192.1046202},
 doi = {10.1145/1046192.1046202},
 acmid = {1046202},
 publisher = {ACM},
 address = {New York, NY, USA},
 keywords = {FPGA, floating-point, high performance, reconfigurable architecture, sparse matrix},
} 

@inproceedings{Jerez:2011:FIS:1950413.1950454,
 author = {Jerez, Juan Luis and Constantinides, George Anthony and Kerrigan, Eric C.},
 title = {An {FPGA} Implementation of a Sparse Quadratic Programming Solver for Constrained Predictive Control},
 booktitle = {Proceedings of the 19th ACM/SIGDA International Symposium on Field Programmable Gate Arrays},
 %series = {FPGA '11},
 year = {2011},
 isbn = {978-1-4503-0554-9},
 location = {Monterey, CA, USA},
 pages = {209--218},
 numpages = {10},
 url = {http://doi.acm.org/10.1145/1950413.1950454},
 doi = {10.1145/1950413.1950454},
 acmid = {1950454},
 publisher = {ACM},
 address = {New York, NY, USA},
 keywords = {interior-point, model predictive control, optimization},
} 

@INPROCEEDINGS{7331067, 
author={T. V. Dang and K. V. Ling and J. M. Maciejowski}, 
booktitle={Control Conference, European}, 
title={Embedded {ADMM}-based {QP} solver for {MPC} with polytopic constraints}, 
year={2015}, 
keywords={embedded systems;field programmable gate arrays;matrix algebra;predictive control;quadratic programming;FPGA;alternating direction method of multipliers;computational resources;embedded ADMM-based QP solver;embedded platforms;fixed-point arithmetic;inequality constraints;linear MPC;polytopic constraints;quadratic programming problems;sparse MPC formulation;Algorithm design and analysis;Convergence;Eigenvalues and eigenfunctions;Linear matrix inequalities;Mathematical model;Prediction algorithms;Sparse matrices}, 
doi={10.1109/ECC.2015.7331067}, 
month={July},}

@inproceedings{telba2015dc,
title={DC MOTOR SPEED CONTROL USING FPGA},
author={TELBA, AHMED},
booktitle={IAENG TRANSACTIONS ON ENGINEERING SCIENCES: Special Issue for the International Association of Engineers Conferences 2014},
pages={456-470},
year={2015},
}


@BOOK{Nocedal2006NO,
       edition = "2nd",
       remark = "Section 8.2 gives a short introduction to automatic differentiation",
       author = "J. Nocedal and S. J. Wright",
       title = "Numerical Optimization",
       publisher = "Springer",
       year = "2006",
       address = "New York",
       ad_theotech = "General"
}

@ARTICLE{6423933, 
author={M. S. Rana and H. R. Pota and I. R. Petersen}, 
journal={IEEE Transactions on Nanotechnology}, 
title={High-Speed AFM Image Scanning Using Observer-Based MPC-Notch Control}, 
year={2013}, 
volume={12}, 
number={2}, 
pages={246-254}, 
keywords={Kalman filters;PI control;atomic force microscopy;control system synthesis;damping;image processing;notch filters;observers;physical instrumentation control;predictive control;sensors;AFM PI controller;Kalman filter;atomic force microscope piezoelectric tube scanner;high-speed AFM image scanning;notch filter;observer-based MPC-notch control;observer-based model predictive control scheme;position sensor noise;resonant modes;tracking error;Creep;Electrodes;Electron tubes;Hysteresis;Noise;Observers;Predictive models;Atomic force microscope (AFM);model predictive control;notch filter;piezoelectric tube scanner (PTS);system identification}, 
doi={10.1109/TNANO.2013.2243752}, 
ISSN={1536-125X}, 
month={March},}

@article{Richalet1978413,
title = "Model predictive heuristic control: Applications to industrial processes ",
journal = "Automatica ",
volume = "14",
number = "5",
year = "1978",
note = "",
issn = "0005-1098",
doi = "http://dx.doi.org/10.1016/0005-1098(78)90001-8",
%url = "http://www.sciencedirect.com/science/article/pii/0005109878900018",
author = "J. Richalet and A. Rault and J.L. Testud and J. Papon",
keywords = "Chemical industry",
keywords = "computer control",
keywords = "control theory",
keywords = "dual control",
keywords = "identification",
keywords = "Lyapunov methods",
keywords = "multivariable control systems",
keywords = "oil refining",
keywords = "predictive control",
keywords = "steam generators "
}